@online{intel-product-spec,
    author = "Intel",
    title = "Intel Core i7-8650U Processor",
    url  = "https://www.intel.com/content/www/us/en/products/processors/core/i7-processors/i7-8650u.html",
    addendum = "(accessed: 01.03.2020)"
}

@online{tick-tock,
    author = "Wikipedia",
    title = "Tick-Tock Model",
    url  = "https://en.wikipedia.org/wiki/Tick%E2%80%93tock_model",
    addendum = "(accessed: 01.03.2020)"
}

@online{intel-opt,
    author = "Intel Optimization Manual",
    title = "Table 2-8. Dispatch Port and Execution Stacks of the Skylake Microarchitecture",
    url  = "https://www.intel.com/content/dam/www/public/us/en/documents/manuals/64-ia-32-architectures-optimization-manual.pdf",
    addendum = "(accessed: 01.03.2020)"
}

